<marcxml:record xmlns:marcxml="http://www.loc.gov/MARC21/slim" xmlns:mets="http://www.loc.gov/METS/" xmlns:bf="http://id.loc.gov/ontologies/bibframe/" xmlns:bflc="http://id.loc.gov/ontologies/bflc/" xmlns:madsrdf="http://www.loc.gov/mads/rdf/v1#" xmlns:rdf="http://www.w3.org/1999/02/22-rdf-syntax-ns#" xmlns:ri="http://id.loc.gov/ontologies/RecordInfo#" xmlns:idx="info:lc/xq-modules/lcindex" xmlns:semtriples="http://marklogic.com/semantic" xmlns:xsi="http://www.w3.org/2001/XMLSchema-instance" xmlns:xlink="http://www.w3.org/1999/xlink" xmlns:streams="info:lc/streams#">
  <marcxml:leader>02437cam a2200457 i 4500</marcxml:leader>
  <marcxml:controlfield tag="001">20748128</marcxml:controlfield>
  <marcxml:controlfield tag="005">20210219102525.0</marcxml:controlfield>
  <marcxml:controlfield tag="008">181019r2019    nyua   j      000 0 eng c</marcxml:controlfield>
  <marcxml:datafield tag="906" ind1=" " ind2=" ">
    <marcxml:subfield code="a">7</marcxml:subfield>
    <marcxml:subfield code="b">cbc</marcxml:subfield>
    <marcxml:subfield code="c">orignew</marcxml:subfield>
    <marcxml:subfield code="d">1</marcxml:subfield>
    <marcxml:subfield code="e">ecip</marcxml:subfield>
    <marcxml:subfield code="f">20</marcxml:subfield>
    <marcxml:subfield code="g">y-gencatlg</marcxml:subfield>
  </marcxml:datafield>
  <marcxml:datafield tag="925" ind1="0" ind2=" ">
    <marcxml:subfield code="a">acquire</marcxml:subfield>
    <marcxml:subfield code="b">1 shelf copy</marcxml:subfield>
    <marcxml:subfield code="x">policy default</marcxml:subfield>
  </marcxml:datafield>
  <marcxml:datafield tag="955" ind1=" " ind2=" ">
    <marcxml:subfield code="a">LBSOR</marcxml:subfield>
    <marcxml:subfield code="e">rm11 2018-11-27 to Dewey</marcxml:subfield>
    <marcxml:subfield code="w">xm09 2018-11-27</marcxml:subfield>
    <marcxml:subfield code="a">xn11 2019-07-16 1 copy rec'd., to CIP ver.</marcxml:subfield>
    <marcxml:subfield code="f">rm05 2019-07-22 to Dewey</marcxml:subfield>
  </marcxml:datafield>
  <marcxml:datafield tag="010" ind1=" " ind2=" ">
    <marcxml:subfield code="a">  2018039547</marcxml:subfield>
  </marcxml:datafield>
  <marcxml:datafield tag="020" ind1=" " ind2=" ">
    <marcxml:subfield code="a">9780316529037 (hardcover)</marcxml:subfield>
  </marcxml:datafield>
  <marcxml:datafield tag="020" ind1=" " ind2=" ">
    <marcxml:subfield code="a">9780316490320 (paperback)</marcxml:subfield>
  </marcxml:datafield>
  <marcxml:datafield tag="020" ind1=" " ind2=" ">
    <marcxml:subfield code="z">9780316490337 (ebook)</marcxml:subfield>
  </marcxml:datafield>
  <marcxml:datafield tag="020" ind1=" " ind2=" ">
    <marcxml:subfield code="z">9780316490344 (library edition ebook)</marcxml:subfield>
  </marcxml:datafield>
  <marcxml:datafield tag="040" ind1=" " ind2=" ">
    <marcxml:subfield code="a">LBSOR/DLC</marcxml:subfield>
    <marcxml:subfield code="b">eng</marcxml:subfield>
    <marcxml:subfield code="c">LBSOR</marcxml:subfield>
    <marcxml:subfield code="e">rda</marcxml:subfield>
    <marcxml:subfield code="d">DLC</marcxml:subfield>
  </marcxml:datafield>
  <marcxml:datafield tag="042" ind1=" " ind2=" ">
    <marcxml:subfield code="a">pcc</marcxml:subfield>
  </marcxml:datafield>
  <marcxml:datafield tag="043" ind1=" " ind2=" ">
    <marcxml:subfield code="a">e-uk---</marcxml:subfield>
  </marcxml:datafield>
  <marcxml:datafield tag="050" ind1="0" ind2="0">
    <marcxml:subfield code="a">HQ77.8</marcxml:subfield>
    <marcxml:subfield code="b">.B47 2019</marcxml:subfield>
  </marcxml:datafield>
  <marcxml:datafield tag="082" ind1="0" ind2="0">
    <marcxml:subfield code="a">306.76/80941</marcxml:subfield>
    <marcxml:subfield code="2">23</marcxml:subfield>
  </marcxml:datafield>
  <marcxml:datafield tag="100" ind1="1" ind2=" ">
    <marcxml:subfield code="a">Bertie, Alex,</marcxml:subfield>
    <marcxml:subfield code="d">1995-</marcxml:subfield>
    <marcxml:subfield code="e">author.</marcxml:subfield>
  </marcxml:datafield>
  <marcxml:datafield tag="245" ind1="1" ind2="0">
    <marcxml:subfield code="a">Trans mission :</marcxml:subfield>
    <marcxml:subfield code="b">my quest to a beard /</marcxml:subfield>
    <marcxml:subfield code="c">Alex Bertie.</marcxml:subfield>
  </marcxml:datafield>
  <marcxml:datafield tag="250" ind1=" " ind2=" ">
    <marcxml:subfield code="a">First U.S. edition.</marcxml:subfield>
  </marcxml:datafield>
  <marcxml:datafield tag="264" ind1=" " ind2="1">
    <marcxml:subfield code="a">New York :</marcxml:subfield>
    <marcxml:subfield code="b">Little, Brown and Company,</marcxml:subfield>
    <marcxml:subfield code="c">2019.</marcxml:subfield>
  </marcxml:datafield>
  <marcxml:datafield tag="300" ind1=" " ind2=" ">
    <marcxml:subfield code="a">296 pages :</marcxml:subfield>
    <marcxml:subfield code="b">illustrations ;</marcxml:subfield>
    <marcxml:subfield code="c">22 cm</marcxml:subfield>
  </marcxml:datafield>
  <marcxml:datafield tag="336" ind1=" " ind2=" ">
    <marcxml:subfield code="a">text</marcxml:subfield>
    <marcxml:subfield code="2">rdacontent</marcxml:subfield>
  </marcxml:datafield>
  <marcxml:datafield tag="337" ind1=" " ind2=" ">
    <marcxml:subfield code="a">unmediated</marcxml:subfield>
    <marcxml:subfield code="2">rdamedia</marcxml:subfield>
  </marcxml:datafield>
  <marcxml:datafield tag="338" ind1=" " ind2=" ">
    <marcxml:subfield code="a">volume</marcxml:subfield>
    <marcxml:subfield code="2">rdacarrier</marcxml:subfield>
  </marcxml:datafield>
  <marcxml:datafield tag="500" ind1=" " ind2=" ">
    <marcxml:subfield code="a">"Originally published in 2017 by Wren &amp; Rook in Great Britain"-- Title verso.</marcxml:subfield>
  </marcxml:datafield>
  <marcxml:datafield tag="520" ind1=" " ind2=" ">
    <marcxml:subfield code="a">"A brave firsthand account of author Alex Bertie's life, struggles, and victories as a transgender teen, and a guide for transitioning teens"--</marcxml:subfield>
    <marcxml:subfield code="c">Provided by publisher.</marcxml:subfield>
  </marcxml:datafield>
  <marcxml:datafield tag="521" ind1="1" ind2=" ">
    <marcxml:subfield code="a">Ages 12 and up.</marcxml:subfield>
  </marcxml:datafield>
  <marcxml:datafield tag="505" ind1="0" ind2=" ">
    <marcxml:subfield code="a">Let's get some things straight -- Childhood -- Becoming a teen -- Puberty &amp; self-hate -- The big chop -- Dealing with bullies -- Getting help -- Chest binding -- Coming out to my family -- Hello! My name is... -- Being stealth at college -- Youth group support -- Starting my physical transition -- Hormone treatment -- Top surgery -- Bottom surgery -- Dating as trans -- Sex &amp; intimacy -- Making videos -- Job hunting -- Our place in the world -- A message from my mum -- Accepting trans people -- The other side.</marcxml:subfield>
  </marcxml:datafield>
  <marcxml:datafield tag="600" ind1="1" ind2="0">
    <marcxml:subfield code="a">Bertie, Alex,</marcxml:subfield>
    <marcxml:subfield code="d">1995-</marcxml:subfield>
  </marcxml:datafield>
  <marcxml:datafield tag="650" ind1=" " ind2="0">
    <marcxml:subfield code="a">Transgender people</marcxml:subfield>
    <marcxml:subfield code="z">Great Britain</marcxml:subfield>
    <marcxml:subfield code="v">Biography</marcxml:subfield>
    <marcxml:subfield code="v">Juvenile literature.</marcxml:subfield>
  </marcxml:datafield>
  <marcxml:datafield tag="650" ind1=" " ind2="0">
    <marcxml:subfield code="a">Transgender youth</marcxml:subfield>
    <marcxml:subfield code="z">Great Britain</marcxml:subfield>
    <marcxml:subfield code="v">Biography</marcxml:subfield>
    <marcxml:subfield code="v">Juvenile literature.</marcxml:subfield>
  </marcxml:datafield>
  <marcxml:datafield tag="650" ind1=" " ind2="0">
    <marcxml:subfield code="a">Transgender people</marcxml:subfield>
    <marcxml:subfield code="x">Identity</marcxml:subfield>
    <marcxml:subfield code="v">Juvenile literature.</marcxml:subfield>
  </marcxml:datafield>
  <marcxml:datafield tag="650" ind1=" " ind2="7">
    <marcxml:subfield code="a">Transgender people</marcxml:subfield>
    <marcxml:subfield code="z">Great Britain</marcxml:subfield>
    <marcxml:subfield code="v">Biography.</marcxml:subfield>
    <marcxml:subfield code="2">sears</marcxml:subfield>
  </marcxml:datafield>
  <marcxml:datafield tag="650" ind1=" " ind2="7">
    <marcxml:subfield code="a">Transgender teenagers</marcxml:subfield>
    <marcxml:subfield code="z">Great Britain</marcxml:subfield>
    <marcxml:subfield code="v">Biography.</marcxml:subfield>
    <marcxml:subfield code="2">sears</marcxml:subfield>
  </marcxml:datafield>
  <marcxml:datafield tag="650" ind1=" " ind2="7">
    <marcxml:subfield code="a">Gender identity.</marcxml:subfield>
    <marcxml:subfield code="2">sears</marcxml:subfield>
  </marcxml:datafield>
  <marcxml:datafield tag="985" ind1=" " ind2=" ">
    <marcxml:subfield code="a">LBSORCIP</marcxml:subfield>
    <marcxml:subfield code="d">2018-11-19</marcxml:subfield>
  </marcxml:datafield>
</marcxml:record>
